@article{Gagan2020,
    author = {Gurung, Gagan and Shah, Rahul and Jaiswal, Dhiraj},
    year = {2020},
    month = {07},
    pages = {30-37},
    title = {Software Development Life Cycle Models-A Comparative Study},
    journal = {International Journal of Scientific Research in Computer Science, Engineering and Information Technology},
    doi = {10.32628/CSEIT206410}
}

@misc{tutorialspointWaterfall,
    author = {TutorialsPoint},
    title = "SDLC - Waterfall Model",
    howpublished  = {\url{https://www.tutorialspoint.com/sdlc/sdlc_waterfall_model.htm}},
    note = {accessed: 03.05.2024},
}

@misc{tutorialspointIterative,
    author = {TutorialsPoint},
    title = "SDLC - Iterative Model",
    howpublished = {\url{https://www.tutorialspoint.com/sdlc/sdlc_iterative_model.htm}},
    note = {accessed: 03.05.2024},
}

@misc{tutorialspointAgile,
    author = {TutorialsPoint},
    title = "SDLC - Agile Model",
    howpublished = {\url{https://www.tutorialspoint.com/sdlc/sdlc_agile_model.htm}},
    note = {accessed: 03.14.2024},
}

@misc{pytorch,
    author = {PyTorch},
    title = "PyTorch",
    howpublished = {\url{https://pytorch.org/}},
    note = {accessed: 04.12.2024},
}

@misc{keras,
    author = {Keras},
    title = "Keras",
    howpublished = {\url{https://keras.io/}},
    note = {accessed: 04.12.2024},
}

@misc{scikit,
    author = {Scikit-learn},
    title = "Scikit-learn",
    howpublished = {\url{https://scikit-learn.org/stable/}},
    note = {accessed: 04.12.2024},
}

@misc{tensorboard,
    author = {TensorBoard},
    title = "TensorBoard",
    howpublished = {\url{https://www.tensorflow.org/tensorboard}},
    note = {accessed: 04.12.2024},
}

@misc{netron,
    author = {Lutz Roeder},
    title = "Netron",
    howpublished = {\url{https://netron.app/}},
    note = {accessed: 04.12.2024},
}

@misc{ennui,
    author = {Jesse Michel},
    title = "Ennui",
    howpublished = {\url{math.mit.edu/ennui/}},
    note = {accessed: 04.12.2024},
}

@misc{tikz,
    author = {Till Tantau},
    title = "TikZ",
    howpublished = {\url{https://github.com/pgf-tikz/pgf}},
    note = {accessed: 04.12.2024},
}

@misc{jira,
    author = {Atlassian},
    title = "Jira",
    howpublished = {\url{https://www.atlassian.com/software/jira}},
    note = {accessed: 03.24.2024},
}

@misc{gimp,
    author = {GIMP},
    title = "GIMP",
    howpublished = {\url{https://www.gimp.org/}},
    note = {accessed: 04.16.2024},
}

@misc{playwright,
    author = {Microsoft},
    title = "Playwright",
    howpublished = {\url{https://playwright.dev/}},
    note = {accessed: 03.26.2024},
}

@misc{pytest,
    author = {Pytest},
    title = "Pytest",
    howpublished = {\url{https://pytest.org/}},
    note = {accessed: 04.04.2024},
}

@misc{react,
    author = {React},
    title = "React",
    howpublished = {\url{https://reactjs.org/}},
    note = {accessed: 04.18.2024},

}

@misc{angular,
    author = {Angular},
    title = "Angular",
    howpublished = {\url{https://angular.io/}},
    note = {accessed: 04.18.2024},
}

@misc{svelte,
    author = {Svelte},
    title = "Svelte",
    howpublished = {\url{https://svelte.dev/}},
    note = {accessed: 03.24.2024},
}

@misc{tailwind,
    author = {Tailwind CSS},
    title = "Tailwind CSS",
    howpublished = {\url{https://tailwindcss.com/}},
    note = {accessed: 03.24.2024},
}

@misc{flowbite,
    author = {Flowbite Svelte},
    title = "Flowbite Svelte",
    howpublished = {\url{https://flowbite-svelte.com/}},
    note = {accessed: 03.24.2024},
}

@misc{axios,
    author = {Axios},
    title = "Axios",
    howpublished = {\url{https://axios-http.com/}},
    note = {accessed: 03.24.2024},
}

@misc{d3,
    author = {D3.js},
    title = "D3.js",
    howpublished = {\url{https://d3js.org/}},
    note = {accessed: 03.24.2024},
}

@misc{quart,
    author = {Quart},
    title = "Quart",
    howpublished = {\url{https://pgjones.gitlab.io/quart/}},
    note = {accessed: 03.24.2024},
}

@misc{flask,
    author = {Flask},
    title = "Flask",
    howpublished = {\url{https://flask.palletsprojects.com/}},
    note = {accessed: 04.18.2024},
}

@misc{mongodb,
    author = {MongoDB},
    title = "MongoDB",
    howpublished = {\url{https://www.mongodb.com/}},
    note = {accessed: 03.24.2024},
}

@misc{pymongo,
    author = {PyMongo},
    title = "PyMongo",
    howpublished = {\url{https://pymongo.readthedocs.io/en/stable/}},
    note = {accessed: 03.24.2024},
}

@misc{pm2,
    author = {PM2},
    title = "PM2",
    howpublished = {\url{https://pm2.keymetrics.io/}},
    note = {accessed: 03.24.2024},
}

@misc{github_actions,
    author = {GitHub},
    title = "GitHub Actions",
    howpublished = {\url{https://github.com/features/actions}},
    note = {accessed: 04.18.2024},
}

@book{neuralnetworksanddeeplearning,
    author = {Nielsen, Michael A.},
    title = {Neural Networks and Deep Learning},
    year = {2015},
    publisher = {Determination Press},
    url = {http://neuralnetworksanddeeplearning.com/}
}

@misc{letsencrypt,
    author = {Let's Encrypt},
    title = "Let's Encrypt",
    howpublished = {\url{https://letsencrypt.org/}},
    note = {accessed: 04.11.2024},
}

@misc{neuraviz_repo,
    author = {Bennett Wendorf},
    title = "NeuraViz Repository",
    howpublished = {\url{https://github.com/Bennett-Wendorf/NeuraViz/}},
    note = {accessed: 04.18.2024},
}

@misc{iris,
    author = {UCI Machine Learning Repository},
    title = "Iris Dataset",
    howpublished = {\url{https://archive.ics.uci.edu/ml/datasets/iris}},
    note = {accessed: 04.18.2024},
}

@misc{mnist,
    author = {Yann LeCun},
    title = "MNIST Database",
    howpublished = {\url{http://yann.lecun.com/exdb/mnist/}},
    note = {accessed: 04.18.2024},
}